@book{introtoinforetri,
  title  = {Introduction to Information Retrieval},
  author = {C. D Manning and P. Raghavan and H. Schutze},
  year   = {2008}
}
@book{distributedsystem,
  title     = {Distributed Systems Concepts And Design},
  author    = {G. Coulouris and J. Dollimore and T. Kindberg and G. Blair},
  edition   = {5},
  isbn      = {9780132143011},
  series    = {Distributed Systems Concepts And Design},
  year      = {2012},
  publisher = {Addison-Wesley}
}
@inproceedings{captheorem,
  author = {E. Brewer},
  title  = {CAP twelve years later: How the "rules" have changed},
  year   = {2012},
  pages  = {1-7},
  doi    = {10.1109/mc.2012.37}
}
@book{microservice,
  title     = {Building Microservice},
  author    = {S. Newman},
  edition   = {2},
  isbn      = {9781491950357},
  series    = {Building Microservice},
  year      = {2015},
  publisher = {Oâ€™Reilly Media, Inc.}
}
@inproceedings{virtualvscontainer,
  author = {R. Dua and A. R. Raja and D. Kakadia},
  title  = {Virtualization vs Containerization to support PaaS},
  year   = {2014},
  pages  = {1},
  doi    = {10.1109/IC2E.2014.41}
}
@online{containers,
  title   = {Containers},
  author  = {Google Cloud},
  year    = {2022},
  url     = {https://cloud.google.com/containers},
  urldate = {2022-10-22}
}
@online{vpa,
  title   = {Vertical Pod Autoscaler},
  author  = {Kubernetes},
  year    = {2022},
  url     = {https://github.com/kubernetes/autoscaler/tree/master/vertical-pod-autoscaler},
  urldate = {2022-12-05}
}
@online{elasticsearch,
  title   = {Elastic Search},
  author  = {AWS},
  year    = {2022},
  url     = {https://aws.amazon.com/id/what-is/elasticsearch},
  urldate = {2022-12-15}
}
@inproceedings{jvm,
  author    = {M. Dev and R. Kapoor and B. Balamurugan},
  publisher = {IEEE},
  title     = {Study of Characteristics of Large Data Collections to Build a High Performance System},
  year      = {2016},
  doi       = {10.1109/ICACCCT.2016.7831707}
}